<record><leader>00000cas a22000007a 4500</leader><controlfield tag="001">17477735</controlfield><controlfield tag="008">880216d18831900pauwr ne      0    0eng d</controlfield><datafield ind1=" " ind2=" " tag="010"><subfield code="a">sn 88079110 </subfield></datafield><datafield ind1=" " ind2=" " tag="040"><subfield code="a">NPH</subfield><subfield code="b">eng</subfield><subfield code="c">NPH</subfield><subfield code="d">OCLCQ</subfield><subfield code="d">UPM</subfield><subfield code="d">OCLCF</subfield></datafield><datafield ind1=" " ind2=" " tag="042"><subfield code="a">msc</subfield></datafield><datafield ind1="0" ind2=" " tag="130"><subfield code="a">Sunday call (Easton, Pa.)</subfield></datafield><datafield ind1="1" ind2="0" tag="245"><subfield code="a">Sunday call.</subfield></datafield><datafield ind1=" " ind2=" " tag="260"><subfield code="a">Easton, Pa. :</subfield><subfield code="b">J.P. Correll,</subfield><subfield code="c">1883-1900.</subfield></datafield><datafield ind1=" " ind2=" " tag="300"><subfield code="a">v. :</subfield><subfield code="b">ill. ;</subfield><subfield code="c">65-55 cm.</subfield></datafield><datafield ind1=" " ind2=" " tag="310"><subfield code="a">Weekly</subfield></datafield><datafield ind1="0" ind2=" " tag="362"><subfield code="a">1st yr., no. 1 (May 6, 1883)-17th yr., no. 42 (Feb. 18, 1900).</subfield></datafield><datafield ind1=" " ind2="0" tag="651"><subfield code="a">Easton (Northampton County, Pa.)</subfield><subfield code="v">Newspapers.</subfield></datafield><datafield ind1=" " ind2="7" tag="655"><subfield code="a">Newspapers.</subfield><subfield code="2">fast</subfield><subfield code="0">(OCoLC)fst01423814</subfield></datafield><datafield ind1=" " ind2="7" tag="651"><subfield code="a">Pennsylvania</subfield><subfield code="z">Easton (Northampton County)</subfield><subfield code="2">fast</subfield><subfield code="0">(OCoLC)fst01758552</subfield></datafield><datafield ind1=" " ind2=" " tag="752"><subfield code="a">United States</subfield><subfield code="b">Pennsylvania</subfield><subfield code="c">Northampton</subfield><subfield code="d">Easton.</subfield></datafield><datafield ind1="0" ind2="0" tag="785"><subfield code="t">Easton Sunday call</subfield><subfield code="w">(DLC)sn 86063550</subfield></datafield></record>